%YAML 1.1
%TAG !u! tag:unity3d.com,2011:
--- !u!1001 &100100000
Prefab:
  m_ObjectHideFlags: 1
  serializedVersion: 2
  m_Modification:
    m_TransformParent: {fileID: 0}
    m_Modifications: []
    m_RemovedComponents: []
  m_ParentPrefab: {fileID: 0}
  m_RootGameObject: {fileID: 1393117982248762}
  m_IsPrefabParent: 1
--- !u!1 &1393117982248762
GameObject:
  m_ObjectHideFlags: 0
  m_PrefabParentObject: {fileID: 0}
  m_PrefabInternal: {fileID: 100100000}
  serializedVersion: 5
  m_Component:
  - component: {fileID: 4569911280597246}
  - component: {fileID: 33044006316701644}
  - component: {fileID: 23585044121898388}
  - component: {fileID: 114452598044459568}
  - component: {fileID: 114028031045397988}
  - component: {fileID: 114698736946278374}
  - component: {fileID: 114585786121880486}
  - component: {fileID: 114288639490465960}
  - component: {fileID: 114367346941397940}
  - component: {fileID: 65903460648793450}
  m_Layer: 0
  m_Name: Copa Baccarat Cristal (TS) b
  m_TagString: Untagged
  m_Icon: {fileID: 0}
  m_NavMeshLayer: 0
  m_StaticEditorFlags: 0
  m_IsActive: 1
--- !u!4 &4569911280597246
Transform:
  m_ObjectHideFlags: 1
  m_PrefabParentObject: {fileID: 0}
  m_PrefabInternal: {fileID: 100100000}
  m_GameObject: {fileID: 1393117982248762}
  m_LocalRotation: {x: 0.000000021855694, y: 0, z: -0, w: 1}
  m_LocalPosition: {x: 0, y: 0, z: 0}
  m_LocalScale: {x: 1, y: 1, z: 1}
  m_Children: []
  m_Father: {fileID: 0}
  m_RootOrder: 0
  m_LocalEulerAnglesHint: {x: 0, y: 0, z: 0}
--- !u!23 &23585044121898388
MeshRenderer:
  m_ObjectHideFlags: 1
  m_PrefabParentObject: {fileID: 0}
  m_PrefabInternal: {fileID: 100100000}
  m_GameObject: {fileID: 1393117982248762}
  m_Enabled: 1
  m_CastShadows: 1
  m_ReceiveShadows: 1
  m_MotionVectors: 1
  m_LightProbeUsage: 1
  m_ReflectionProbeUsage: 1
  m_Materials:
  - {fileID: 2100000, guid: 8ac605161bc75c64895d906cd03524a1, type: 2}
  m_StaticBatchInfo:
    firstSubMesh: 0
    subMeshCount: 0
  m_StaticBatchRoot: {fileID: 0}
  m_ProbeAnchor: {fileID: 0}
  m_LightProbeVolumeOverride: {fileID: 0}
  m_ScaleInLightmap: 1
  m_PreserveUVs: 0
  m_IgnoreNormalsForChartDetection: 0
  m_ImportantGI: 0
  m_SelectedEditorRenderState: 3
  m_MinimumChartSize: 4
  m_AutoUVMaxDistance: 0.5
  m_AutoUVMaxAngle: 89
  m_LightmapParameters: {fileID: 0}
  m_SortingLayerID: 0
  m_SortingLayer: 0
  m_SortingOrder: 0
--- !u!33 &33044006316701644
MeshFilter:
  m_ObjectHideFlags: 1
  m_PrefabParentObject: {fileID: 0}
  m_PrefabInternal: {fileID: 100100000}
  m_GameObject: {fileID: 1393117982248762}
  m_Mesh: {fileID: 4300002, guid: 9f7d1f7826493c3459e858733ea20f56, type: 3}
--- !u!65 &65903460648793450
BoxCollider:
  m_ObjectHideFlags: 1
  m_PrefabParentObject: {fileID: 0}
  m_PrefabInternal: {fileID: 100100000}
  m_GameObject: {fileID: 1393117982248762}
  m_Material: {fileID: 0}
  m_IsTrigger: 0
  m_Enabled: 1
  serializedVersion: 2
  m_Size: {x: 1.5, y: 1.0095123, z: 1.5}
  m_Center: {x: 0, y: 0.5044256, z: -0.00000023841858}
--- !u!114 &114028031045397988
MonoBehaviour:
  m_ObjectHideFlags: 1
  m_PrefabParentObject: {fileID: 0}
  m_PrefabInternal: {fileID: 100100000}
  m_GameObject: {fileID: 1393117982248762}
  m_Enabled: 1
  m_EditorHideFlags: 0
  m_Script: {fileID: 11500000, guid: ad92f693ae83158449ba5193a2ffc82b, type: 3}
  m_Name: 
  m_EditorClassIdentifier: 
  scaleFactor: 3
  minimumScale: 0
  maximumScale: 0
  allowDragging: 1
  rotationSpeed: 5
  insideArea: 1
  screenPoint: {x: 0, y: 0, z: 0}
  offset: {x: 0, y: 10, z: 0}
  bloqueInfo: {fileID: 0}
--- !u!114 &114288639490465960
MonoBehaviour:
  m_ObjectHideFlags: 1
  m_PrefabParentObject: {fileID: 0}
  m_PrefabInternal: {fileID: 100100000}
  m_GameObject: {fileID: 1393117982248762}
  m_Enabled: 1
  m_EditorHideFlags: 0
  m_Script: {fileID: 11500000, guid: 8ae45f86f2f60dd408ef70b65a6ede00, type: 3}
  m_Name: 
  m_EditorClassIdentifier: 
  fadeDelay: 0
  fadeTime: 1
  fadeInOnStart: 0
  fadeOutOnStart: 0
  StandardMaterial: {fileID: 2100000, guid: 8ac605161bc75c64895d906cd03524a1, type: 2}
  FadeMaterial: {fileID: 2100000, guid: bba5268c7693142488d9df87514f76ae, type: 2}
--- !u!114 &114367346941397940
MonoBehaviour:
  m_ObjectHideFlags: 1
  m_PrefabParentObject: {fileID: 0}
  m_PrefabInternal: {fileID: 100100000}
  m_GameObject: {fileID: 1393117982248762}
  m_Enabled: 1
  m_EditorHideFlags: 0
  m_Script: {fileID: 11500000, guid: a6ea67fbb4fabb0468069f06b1a42b96, type: 3}
  m_Name: 
  m_EditorClassIdentifier: 
  isInverted: 1
--- !u!114 &114452598044459568
MonoBehaviour:
  m_ObjectHideFlags: 1
  m_PrefabParentObject: {fileID: 0}
  m_PrefabInternal: {fileID: 100100000}
  m_GameObject: {fileID: 1393117982248762}
  m_Enabled: 1
  m_EditorHideFlags: 0
  m_Script: {fileID: 11500000, guid: 978a486d8ecf8437cbb87e8534908895, type: 3}
  m_Name: 
  m_EditorClassIdentifier: 
--- !u!114 &114585786121880486
MonoBehaviour:
  m_ObjectHideFlags: 1
  m_PrefabParentObject: {fileID: 0}
  m_PrefabInternal: {fileID: 100100000}
  m_GameObject: {fileID: 1393117982248762}
  m_Enabled: 1
  m_EditorHideFlags: 0
  m_Script: {fileID: 11500000, guid: 38e07bff8743d4ee38bf724a7a2b4cbb, type: 3}
  m_Name: 
  m_EditorClassIdentifier: 
  advancedProps: 0
  minTouches: 2
  maxTouches: 2
  combineTouches: 0
  combineTouchesInterval: 0.3
  useSendMessage: 0
  sendStateChangeMessages: 0
  sendMessageTarget: {fileID: 0}
  requireGestureToFail: {fileID: 0}
  friendlyGestures:
  - {fileID: 114698736946278374}
  type: 2
  screenTransformThreshold: 0.1
  projection: 1
  projectionPlaneNormal: {x: 0, y: 1, z: 0}
--- !u!114 &114698736946278374
MonoBehaviour:
  m_ObjectHideFlags: 1
  m_PrefabParentObject: {fileID: 0}
  m_PrefabInternal: {fileID: 100100000}
  m_GameObject: {fileID: 1393117982248762}
  m_Enabled: 1
  m_EditorHideFlags: 0
  m_Script: {fileID: 11500000, guid: 11ea9930ecb674732bee27116520fad8, type: 3}
  m_Name: 
  m_EditorClassIdentifier: 
  advancedProps: 0
  minTouches: 2
  maxTouches: 2
  combineTouches: 0
  combineTouchesInterval: 0.3
  useSendMessage: 0
  sendStateChangeMessages: 0
  sendMessageTarget: {fileID: 0}
  requireGestureToFail: {fileID: 0}
  friendlyGestures:
  - {fileID: 114585786121880486}
  type: 4
  minScreenPointsDistance: 0.5
  screenTransformThreshold: 3
  projection: 1
  projectionPlaneNormal: {x: 0, y: 1, z: 0}
